@book{koza92,
		author    = "Koza, John R.",
		title     = "Genetic Programming: On the Programming of Computers by Means of Natural Selection",
		publisher = "MIT Press",
		year      = "1992"
}


@misc{ wiki:latex,
       author = "Wikipedia",
       title = "LaTeX --- Wikipedia{,} La enciclopedia libre",
       year = "2015",
       url = "https://es.wikipedia.org/w/index.php?title=LaTeX&oldid=84209252",
       note = "[Internet; descargado 30-septiembre-2015]"
}

@book{schwaber2002agile,
	title={Agile software development with Scrum},
	author={Schwaber, Ken and Beedle, Mike},
	volume={1},
	year={2002},
	publisher={Prentice Hall Upper Saddle River}
}

@misc{ wiki:apachelicense,
       author = "Wikipedia",
       title = "Apache License --- Wikipedia{,} La enciclopedia libre",
       year = "2017",
       url = "\url{https://es.wikipedia.org/w/index.php?title=Apache_License&oldid=102731433}",
       note = "[Internet; descargado 13-junio-2018]"
}
@misc{ googleplay,
    author = "Unknown",
	title = "Publicar App en Google Play",
	year = "Unknown",
	howpublished = {\url{https://cincodias.elpais.com/cincodias/2015/02/01/lifestyle/1422792260_243066.html}},
}
@misc{ fundaciondiabetes,
    author = "Unknown",
	title = "Fundación para la Diabetes",
	year = "Unknown",
	howpublished = {\url{http://www.fundaciondiabetes.org/prensa/297/la-diabetes-en-espana}},
}
@misc{ mario2016,
		author    = "Mario López Jiménez.",
		title     = "UBUDiabetes: Aplicación de control de
diabetes en dispositivos móviles.",
		publisher = "UBU",
		year      = "2016",
}

@misc{ socialdiabetes,
		author    = "Víctor Bautista.",
		title     = "SocialDiabetes.",
		year      = "2008",
		howpublished = {\url{https://www.socialdiabetes.com/}},
}