@book{koza92,
		author    = "Koza, John R.",
		title     = "Genetic Programming: On the Programming of Computers by Means of Natural Selection",
		publisher = "MIT Press",
		year      = "1992"
}


@misc{ wiki:latex,
       author = "Wikipedia",
       title = "LaTeX --- Wikipedia{,} La enciclopedia libre",
       year = "2015",
       url = "https://es.wikipedia.org/w/index.php?title=LaTeX&oldid=84209252",
       note = "[Internet; descargado 30-septiembre-2015]"
}

@article{bortolot2005,
  title={Estimating forest biomass using small footprint LiDAR data: An individual tree-based approach that incorporates training data},
  author={Bortolot, Zachary J and Wynne, Randolph H},
  journal={ISPRS Journal of Photogrammetry and Remote Sensing},
  volume={59},
  number={6},
  pages={342--360},
  year={2005},
  publisher={Elsevier}
}
@misc{ bruno2017,
		author    = "Bruno Martín Gómez.",
		title     = "Evaluación de la eficacia, efectividad y usabilidad de la aplicación par móviles 		UBUDiabetes.",
		publisher = "UBU",
		year      = "2017",
}

@misc{ mario2016,
		author    = "Mario López Jiménez.",
		title     = "UBUDiabetes: Aplicación de control de
diabetes en dispositivos móviles.",
		publisher = "UBU",
		year      = "2016",
}

@misc{ larab2015,
		author    = "Lara Bartolomé Casado.",
		title     = "Salud electrónica y Diabetes.
Elementos para el diseño de una aplicación informática (App) para jóvenes diabéticos tipo I.",
		publisher = "UBU",
		year      = "2015",
}
@misc{ wiki:carbs,
       author = "Wikipedia",
       title = "Glúcido --- Wikipedia{,} La enciclopedia libre",
       year = "2018",
       url = "\url{https://es.wikipedia.org/w/index.php?title=Gl%C3%BAcido&oldid=107124104}",
       note = "[Internet; descargado 26-abril-2018]",
}

@misc{ tablafe,
    author = "Unknown",
	title = "Tabla HC",
	year = "Unknown",
	howpublished = {\url{http://www.fundaciondiabetes.org/upload/publicaciones_ficheros/71/TABLAHC.pdf/}},
}
@misc{ wiki:resistenciaIns,
       author = "Wikipedia",
       title = "Resistencia a la insulina --- Wikipedia{,} La enciclopedia libre",
       year = "2018",
       url = "\url{https://es.wikipedia.org/w/index.php?title=Resistencia_a_la_insulina&oldid=106271870}",
       note = "[Internet; descargado 26-abril-2018]"
}
